% This file was created with JabRef 2.6.
% Encoding: ISO8859_1

@BOOK{kirk2010programming,
  title = {Programming massively parallel processors: a hands-on approach},
  publisher = {Morgan Kaufmann},
  year = {2010},
  author = {Kirk, D. and Wen-mei, W.H. and Hwu, W.},
  owner = {niemi},
  timestamp = {2012.05.21}
}

@BOOK{sanders2010cuda,
  title = {CUDA by Example},
  publisher = {Addison-Wesley},
  year = {2010},
  author = {Sanders, J. and Kandrot, E.},
  owner = {niemi},
  timestamp = {2012.05.21}
}

@comment{jabref-meta: selector_publisher:}

@comment{jabref-meta: selector_author:}

@comment{jabref-meta: selector_journal:}

@comment{jabref-meta: selector_keywords:}

