%% This BibTeX bibliography file was created using BibDesk.
%% http://bibdesk.sourceforge.net/


%% Created for Will Landau at 2012-10-07 02:17:46 -0500 


%% Saved with string encoding Unicode (UTF-8) 



@book{savitch,
	Author = {Savitch W.},
	Date-Added = {2012-10-07 07:15:56 +0000},
	Date-Modified = {2012-10-07 07:17:46 +0000},
	Edition = {3},
	Editor = {Hirsch M.},
	Publisher = {Pearson},
	Title = {Absolute C++},
	Year = {2008}}

@misc{quickstart,
	Date-Added = {2012-10-07 07:14:25 +0000},
	Date-Modified = {2012-10-07 07:15:55 +0000},
	Howpublished = {\url{http://developer.download.nvidia.com/compute/DevZone/docs/html/CUDALibraries/doc/Thrust\_Quick\_Start\_Guide.pdf}},
	Month = {March},
	Title = {CUDA Toolkit 4.2 Thrust Quick Start Guide},
	Year = {2012}}

@misc{webinar,
	Author = {Bell N. and Hoberock J.},
	Date-Added = {2012-10-07 07:12:39 +0000},
	Date-Modified = {2012-10-07 07:14:52 +0000},
	Howpublished = {\url{http://developer.download.nvidia.com/CUDA/training/webinarthrust1.mp4}},
	Title = {Thrust}}
