%% This BibTeX bibliography file was created using BibDesk.
%% http://bibdesk.sourceforge.net/


%% Created for Will Landau at 2012-10-07 11:48:38 -0500 


%% Saved with string encoding Unicode (UTF-8) 



@misc{pycudadoc,
	Author = {Kloeckner A.},
	Date-Added = {2012-10-07 15:10:30 +0000},
	Date-Modified = {2012-10-07 16:07:10 +0000},
	Howpublished = {\url{http://documen.tician.de/pycuda/index.html}},
	Month = {June},
	Title = {PyCUDA 2012.1 Documentation},
	Year = {2012}}

@misc{pycudaex,
	Author = {Kloeckner A.},
	Date-Added = {2012-10-07 15:10:22 +0000},
	Date-Modified = {2012-10-07 16:48:36 +0000},
	Howpublished = {\url{http://wiki.tiker.net/PyCuda/Examples}},
	Month = {May},
	Title = {Examples of PyCUDA Usage},
	Year = {2012}}
